
@misc{nvidia_opencl,
    author = {Nvidia},
    title = {{OpenCL}},
    howpublished = "\url{https://developer.nvidia.com/opencl}"
}

@misc{wikipedia_opencl,
    author = {Wikipedia},
    title = {{OpenCL}},
    howpublished = "\url{http://en.wikipedia.org/wiki/OpenCL}"
}
%
@techreport{opencl12,
title = {The {OpenCL} Specification},
author = {Khronos Group},
institution = {Khronos {OpenCL} Working Group},
year = {2012},
type = {Specification},
number = {1.2},
month = nov
}

@misc{khronos,
    author= {Khronos Group},
    title={{The open standard for parallel programming of heterogeneous systems}},
    howpublished = "\url{https://www.khronos.org/opencl/}"
}


